@article{fourmis,
author={Johann Dréo},
author={Alain Pétrowski},
author={Patrick Siarry},
author={Eric Taillard},
title={Métaheuristiques pour l'optimisation difficile},
journal={http://www.eyrolles.com/Chapitres/9782212113686/chap4\_Dreo.pdf},}

@article{mpi,
author={Blaise Barney},
title={Message Passing Interface (MPI)},
journal={https://computing.llnl.gov/tutorials/mpi/},}


@article{essaim1,
author={Guillaume CALAS},
title={Optimisation par essaim particulaire},
journal={http://guillaume.calas.free.fr/data/Publications/PSO-Overview\_v2.pdf},
}

@article{essaim2,
author={Abbas El Dor},
title={Perfectionnement des algorithmes d’optimisation par
essaim particulaire},
journal={https://tel.archives-ouvertes.fr/tel-00788961/document},
}

@article{abeilles,
author={Dr James Mc Caffrey},
title={Utiliser des algorithmes de colonies d'abeilles pour résoudre des problèmes impossibles},
journal={https://msdn.microsoft.com/fr-fr/magazine/gg983491.aspx},
}

